<?xml version="1.0" encoding="UTF-8"?><record xmlns="http://www.loc.gov/MARC21/slim" xmlns:cinclude="http://apache.org/cocoon/include/1.0" xmlns:zs="http://www.loc.gov/zing/srw/">
  <leader>00495cz  a2200157n  4500</leader>
  <controlfield tag="001">n  84209988 </controlfield>
  <controlfield tag="003">DLC</controlfield>
  <controlfield tag="005">20080710075203.0</controlfield>
  <controlfield tag="008">850118n| acannaabn          |a aaa     c</controlfield>
  <datafield tag="010" ind1=" " ind2=" ">
    <subfield code="a">n  84209988 </subfield>
  </datafield>
  <datafield tag="035" ind1=" " ind2=" ">
    <subfield code="a">(OCoLC)oca01253085</subfield>
  </datafield>
  <datafield tag="040" ind1=" " ind2=" ">
    <subfield code="a">TxU</subfield>
    <subfield code="b">eng</subfield>
    <subfield code="c">DLC</subfield>
    <subfield code="d">DLC</subfield>
    <subfield code="d">OCoLC</subfield>
  </datafield>
  <datafield tag="100" ind1="1" ind2=" ">
    <subfield code="a">Miotto, Armida Bergamini</subfield>
  </datafield>
  <datafield tag="400" ind1="1" ind2=" ">
    <subfield code="a">Bergamini Miotto, Armida</subfield>
  </datafield>
  <datafield tag="670" ind1=" " ind2=" ">
    <subfield code="a">Her A violeĚncia nas prisoĚes, 1983:</subfield>
    <subfield code="b">t.p. (Armida Bergamini Miotto)</subfield>
  </datafield>
  <datafield tag="670" ind1=" " ind2=" ">
    <subfield code="a">LC data base, 1/8/85</subfield>
    <subfield code="b">(hdg.: Miotto, Armida Bergamini)</subfield>
  </datafield>
</record>